<?xml version="1.0" encoding="UTF-8"?><collection xmlns="http://www.loc.gov/MARC21/slim"><record><leader>00472nam--2200181-u-4500</leader><controlfield tag="001">000054732</controlfield><controlfield tag="002">20161230</controlfield><controlfield tag="005">20161230201051</controlfield><controlfield tag="008">120528s1000------------r-----000-0-rus-d</controlfield><datafield ind1=" " ind2=" " tag="040"><subfield code="a">IFIN-HH</subfield></datafield><datafield ind1=" " ind2=" " tag="041"><subfield code="a">rus</subfield></datafield><datafield ind1=" " ind2=" " tag="080"><subfield code="a">539.166</subfield></datafield><datafield ind1="1" ind2=" " tag="110"><subfield code="a">Institut Fiziki Poluprovodnikoi an litovskoi SSR</subfield></datafield><datafield ind1="1" ind2="0" tag="245"><subfield code="a">Tocenie izmerenia v iadernoi spektroskopii</subfield></datafield><datafield ind1=" " ind2=" " tag="260"><subfield code="a">Vilnius</subfield><subfield code="b">Mokslas</subfield><subfield code="c">1984</subfield></datafield><datafield ind1=" " ind2=" " tag="300"><subfield code="a">119P</subfield></datafield><datafield ind1=" " ind2=" " tag="852"><subfield code="a">72753</subfield><subfield code="c">539.163.2</subfield></datafield><datafield ind1=" " ind2=" " tag="CAT"><subfield code="a">Sys</subfield><subfield code="c">20120528</subfield><subfield code="h">115250</subfield></datafield></record></collection>